@BOOK{Kent_Nagle2018-ig,
  title     = "Fundamentals of Differential Equations",
  author    = "Kent Nagle, R and Saff, Edward B and Snider, Arthur David",
  publisher = "Pearson Education",
  edition   =  9,
  year      =  2018,
  address   = "London, England"
}